% Encoding: UTF-8

@Software{Trofficus2023,
  author = {Michaelis Trofficus},
  date   = {2023-10-27},
  title  = {gpt4docstrings},
  url    = {https://github.com/MichaelisTrofficus/gpt4docstrings},
}

@Misc{Roziere2024,
  author      = {Baptiste Rozière and Jonas Gehring and Fabian Gloeckle and Sten Sootla and Itai Gat and Xiaoqing Ellen Tan and Yossi Adi and Jingyu Liu and Romain Sauvestre and Tal Remez and Jérémy Rapin and Artyom Kozhevnikov and Ivan Evtimov and Joanna Bitton and Manish Bhatt and Cristian Canton Ferrer and Aaron Grattafiori and Wenhan Xiong and Alexandre Défossez and Jade Copet and Faisal Azhar and Hugo Touvron and Louis Martin and Nicolas Usunier and Thomas Scialom and Gabriel Synnaeve},
  date        = {2024},
  title       = {Code Llama: Open Foundation Models for Code},
  eprint      = {2308.12950},
  eprintclass = {cs.CL},
  eprinttype  = {arXiv},
}

@Online{swimm.io2024,
  date         = {2024},
  editor       = {swimm.io},
  title        = {Code documentation: benefits, challenges, and tips for success},
  url          = {https://swimm.io/learn/code-documentation/code-documentation-benefits-challenges-and-tips-for-success#:~:text=Code documentation is a collection,size of documentation can vary.},
  organization = {Swimm Team},
}

@Online{Stoeffelbauer2023,
  author = {Andreas Stöffelbauer},
  date   = {2023-10-24},
  title  = {How Large Language Models work},
  url    = {https://medium.com/data-science-at-microsoft/how-large-language-models-work-91c362f5b78f},
}

@Online{Beelen2023,
  author = {Jeroen Beelen},
  date   = {2023-06-22},
  title  = {Hoe werken Large Language Models (LLM)?},
  url    = {https://www.linkedin.com/pulse/hoe-werken-large-language-models-llm-jeroen-beelen/?originalSubdomain=nl},
}

@Online{Guinness2024,
  author = {Harry Guinness},
  date   = {2024-01-30},
  title  = {The best large language models (LLMs) in 2024},
  url    = {https://zapier.com/blog/best-llm/},
}

@Online{Google2024,
  author = {Google},
  date   = {2024},
  title  = {Welcome to the Gemini era},
  url    = {https://deepmind.google/technologies/gemini/#introduction},
}

@Online{Meta2024,
  author = {Meta},
  date   = {2024},
  title  = {Llama 2: open source, free for research and commercial use},
  url    = {https://llama.meta.com/},
}

@Comment{jabref-meta: databaseType:biblatex;}
